@misc{beasley_nlsylinks_2016,
  title = {{NlsyLinks}: {Utilities} and {Kinship} {Information} for {Research} with the {NLSY}},
  copyright = {GPL-2 {\textbar} GPL-3 [expanded from: GPL]},
  shorttitle = {{NlsyLinks}},
  url = {https://CRAN.R-project.org/package=NlsyLinks},
  abstract = {Utilities and kinship information for behavior genetics and developmental research using the National Longitudinal Survey of Youth (NLSY; {\textless}http://www.bls.gov/nls/{\textgreater}).},
  urldate = {2020-10-16},
  author = {Beasley, Will and Rodgers, Joe and Bard, David and Hunter, Michael and Garrison, S. Mason and Meredith, {and} Kelly},
  month = apr,
  year = {2016}
}

@misc{robinson2020,
	title = {broom: Convert Statistical Objects into Tidy Tibbles},
	author = {{Robinson}, {David} and {Hayes}, {Alex} and {Couch}, {Simon} and {Patil}, {Indrajeet} and {Chiu}, {Derek} and {Gomez}, {Matthieu} and {Demeshev}, {Boris} and {Menne}, {Dieter} and {Nutter}, {Benjamin} and {Johnston}, {Luke} and {Bolker}, {Ben} and {Briatte}, {Francois} and {Arnold}, {Jeffrey} and {Gabry}, {Jonah} and {Selzer}, {Luciano} and {Simpson}, {Gavin} and {Preussner}, {Jens} and {Hesselberth}, {Jay} and {Wickham}, {Hadley} and {Lincoln}, {Matthew} and {Gasparini}, {Alessandro} and {Komsta}, {Lukasz} and {Novometsky}, {Frederick} and {Freitas}, {Wilson} and {Evans}, {Michelle} and {Brunson}, {Jason Cory} and {Jackson}, {Simon} and {Whalley}, {Ben} and {Whiting}, {Karissa} and {Rosseel}, {Yves} and {Kuehn}, {Michael} and {Cimentada}, {Jorge} and {Holgersen}, {Erle} and {Werner}, {Karl Dunkle} and {Christensen}, {Ethan} and {Pav}, {Steven} and {PJ}, {Paul} and {Schneider}, {Ben} and {Kennedy}, {Patrick} and {Medina}, {Lily} and {Fannin}, {Brian} and {Muhlenkamp}, {Jason} and {Lehman}, {Matt} and {Denney}, {Bill} and {Crane}, {Nic} and {Bates}, {Andrew} and {Arel-Bundock}, {Vincent} and {Hayashi}, {Hideaki} and {Tobalina}, {Luis} and {Wang}, {Annie} and {Tham}, {Wei Yang} and {Wang}, {Clara} and {Smith}, {Abby} and {Cooper}, {Jasper} and {Krauska}, {E. Auden} and {Wang}, {Alex} and {Barrett}, {Malcolm} and {Gray}, {Charles} and {Wilber}, {Jared} and {Gegzna}, {Vilmantas} and {Szoecs}, {Eduard} and {Aust}, {Frederik} and {Moore}, {Angus} and {Williams}, {Nick} and {Barth}, {Marius} and {Wundervald}, {Bruna} and {Cahoon}, {Joyce} and {McDermott}, {Grant} and {Zarca}, {Kevin} and {Kuriwaki}, {Shiro} and {Wallrich}, {Lukas} and {Martherus}, {James} and {Xiao}, {Chuliang} and {Larmarange}, {Joseph} and {Kuhn}, {Max} and {Bojanowski}, {Michal} and {Malmedal}, {Hakon} and {Wang}, {Clara} and {Oller}, {Sergio} and {Sonnet}, {Luke} and {Hester}, {Jim} and {Brunson}, {Cory} and {Schneider}, {Ben} and {Gray}, {Bernie} and {Averick}, {Mara} and {Jacobs}, {Aaron} and {Bender}, {Andreas} and {Templer}, {Sven} and {Buerkner}, {Paul-Christian} and {Kay}, {Matthew} and {Pennec}, {Erwan Le} and {Junkka}, {Johan} and {Zhu}, {Hao} and {Soltoff}, {Benjamin} and {Saldana}, {Zoe Wilkinson} and {Littlefield}, {Tyler} and {Gray}, {Charles T.} and {Banks}, {Shabbh E.} and {Robinson}, {Serina} and {Bivand}, {Roger} and {Ots}, {Riinu} and {Williams}, {Nicholas} and {Jakobsen}, {Nina} and {Weylandt}, {Michael} and {Lendway}, {Lisa} and {Hailperin}, {Karl} and {Rodriguez}, {Josue} and {Bryan}, {Jenny} and {Jarvis}, {Chris} and {Macfarlane}, {Greg} and {Mannakee}, {Brian} and {Tyre}, {Drew} and {Singh}, {Shreyas} and {Geffert}, {Laurens} and {Ooi}, {Hong} and {Bengtsson}, {Henrik} and {Szocs}, {Eduard} and {Hugh-Jones}, {David} and {Stigler}, {Matthieu} and {Tavares}, {Hugo} and {Vervoort}, {R. Willem} and {Wiernik}, {Brenton M.}},
	year = {2020},
	month = {10},
	date = {2020-10-02},
	url = {https://CRAN.R-project.org/package=broom}
}


@article{wickham2014,
	title = {Tidy Data},
	author = {{Wickham}, {Hadley}},
	year = {2014},
	month = {09},
	date = {2014-09-12},
	journal = {Journal of Statistical Software},
	pages = {1--23},
	volume = {59},
	number = {1},
	doi = {10.18637/jss.v059.i10},
	url = {https://www.jstatsoft.org/index.php/jss/article/view/v059i10},
	note = {Number: 1},
	langid = {en}
}
