@article{burt2019,
	title = {Understanding {\textquotedblleft}What Could Be{\textquotedblright}: A Call for {\textquoteleft}Experimental Behavioral Genetics{\textquoteright}},
	author = {{Burt}, {S. Alexandra} and {Plaisance}, {Kathryn S.} and {Hambrick}, {David Z.}},
	year = {2019},
	month = {03},
	date = {2019-03-01},
	journal = {Behavior Genetics},
	pages = {235--243},
	volume = {49},
	number = {2},
	doi = {10.1007/s10519-018-9918-y},
	url = {https://doi.org/10.1007/s10519-018-9918-y},
	langid = {en}
}

@unpublished{future-bg,
	title = {The Future is Now},
	author = {{S. Mason Garrison}, {}},
	year = {2017},
	month = {12},
	date = {2017-12-03}
}

@article{watson1953,
	title = {Molecular Structure of Nucleic Acids: A Structure for Deoxyribose Nucleic Acid},
	author = {{Watson}, {J. D.} and {Crick}, {F. H. C.}},
	year = {1953},
	month = {04},
	date = {1953-04},
	journal = {Nature},
	pages = {737--738},
	volume = {171},
	number = {4356},
	doi = {10.1038/171737a0},
	url = {https://www.nature.com/articles/171737a0},
	note = {Number: 4356
Publisher: Nature Publishing Group},
	langid = {en}
}

@article{sanger1977,
	title = {DNA sequencing with chain-terminating inhibitors},
	author = {{Sanger}, {F.} and {Nicklen}, {S.} and {Coulson}, {A. R.}},
	year = {1977},
	month = {12},
	date = {1977-12},
	journal = {Proceedings of the National Academy of Sciences of the United States of America},
	pages = {5463--5467},
	volume = {74},
	number = {12},
	url = {https://www.ncbi.nlm.nih.gov/pmc/articles/PMC431765/},
	note = {PMID: 271968
PMCID: PMC431765}
}

@article{rubin2008,
	title = {For objective causal inference, design trumps analysis},
	author = {{Rubin}, {Donald B.}},
	year = {2008},
	month = {09},
	date = {2008-09},
	journal = {The Annals of Applied Statistics},
	pages = {808--840},
	volume = {2},
	number = {3},
	doi = {10.1214/08-AOAS187},
	url = {https://projecteuclid.org/journals/annals-of-applied-statistics/volume-2/issue-3/For-objective-causal-inference-design-trumps-analysis/10.1214/08-AOAS187.full},
	note = {Publisher: Institute of Mathematical Statistics}
}

@unpublished{s.masongarrison2017,
	title = {Using genetically-informed designs to test causal claims without experiments: Discordant-Sibling designs and applications for differential psychology.},
	author = {{S. Mason Garrison}, {} and {Joseph Lee Rodgers}, {}},
	year = {2017},
	month = {09},
	date = {2017-09-28}
}

@article{chamberlain1975,
	title = {Unobservables with a Variance-Components Structure: Ability, Schooling, and the Economic Success of Brothers},
	author = {{Gary Chamberlain}, {} and {Zvi Griliches}, {}},
	year = {1975},
	month = {06},
	date = {1975-06},
	journal = {International Economic Review},
	pages = {422--449},
	volume = {16},
	number = {2},
	langid = {en}
}

@article{lahey2010,
	title = {All in the Family: Comparing Siblings to Test Causal Hypotheses Regarding Environmental Influences on Behavior},
	author = {{Lahey}, {Benjamin B.} and {D{\textquoteright}Onofrio}, {Brian M.}},
	year = {2010},
	month = {10},
	date = {2010-10},
	journal = {Current Directions in Psychological Science},
	pages = {319--323},
	volume = {19},
	number = {5},
	doi = {10.1177/0963721410383977},
	url = {http://journals.sagepub.com/doi/10.1177/0963721410383977},
	langid = {en}
}

@book{kenny2006,
	title = {Dyadic data analysis},
	author = {{Kenny}, {David A.} and {Kashy}, {Deborah A.} and {Cook}, {William L.}},
	year = {2006},
	date = {2006},
	publisher = {Guilford Press},
	series = {Dyadic data analysis},
	note = {Pages: xix, 458},
	address = {New York, NY, US}
}


@article{rodgers2016,
	title = {The NLSY Kinship Links: Using the NLSY79 and NLSY-Children Data to Conduct Genetically-Informed and Family-Oriented Research},
	author = {{Rodgers}, {Joseph Lee} and {Beasley}, {William H.} and {Bard}, {David E.} and {Meredith}, {Kelly M.} and {Hunter}, {Michael D.} and {Johnson}, {Amber B.} and {Buster}, {Maury} and {Li}, {Chengchang} and {May}, {Kim O.} and {Garrison}, {S. Mason} and {Miller}, {Warren B.} and {van den Oord}, {Edwin} and {Rowe}, {David C.}},
	year = {2016},
	month = {07},
	date = {2016-07},
	journal = {Behavior genetics},
	pages = {538--551},
	volume = {46},
	number = {4},
	doi = {10.1007/s10519-016-9785-3},
	url = {https://www.ncbi.nlm.nih.gov/pmc/articles/PMC5604233/},
	note = {PMID: 26914462
PMCID: PMC5604233}
}

@book{beasley2016,
	title = {NlsyLinks: Utilities and Kinship Information for Research with the NLSY},
	author = {{Beasley}, {Will} and {Rodgers}, {Joe} and {Bard}, {David} and {Hunter}, {Michael} and {Garrison}, {S. Mason} and {Meredith}, {and Kelly}},
	year = {2016},
	month = {04},
	date = {2016-04-19},
	url = {https://CRAN.R-project.org/package=NlsyLinks}
}

@article{jonathantrattner2020,
	title = {Vaccine willingness and socioeconomic status: a biometrically controlled design},
	author = {{Jonathan Trattner}, {} and {Kennon Later}, {} and {S. Mason Garrison}, {}},
	year = {2020},
	month = {11},
	date = {2020-11-01},
	journal = {Behavior Genetics},
	pages = {483--483},
	series = {Behavior Genetics Association 50th Annual Meeting Abstracts},
	volume = {50},
	number = {6},
	doi = {10.1007/s10519-020-10018-8},
	url = {https://doi.org/10.1007/s10519-020-10018-8},
	langid = {en}
}

@article{hooper2020,
	title = {COVID-19 and Racial/Ethnic Disparities},
	author = {{Hooper}, {Monica Webb} and {Nápoles}, {Anna María} and {Pérez-Stable}, {Eliseo J.}},
	year = {2020},
	month = {05},
	date = {2020-05-11},
	journal = {JAMA},
	doi = {10.1001/jama.2020.8598},
	url = {https://jamanetwork.com/journals/jama/fullarticle/2766098},
	langid = {en}
}

@article{ssentongo2020,
	title = {The association of cardiovascular disease and other pre-existing comorbidities with COVID-19 mortality: A systematic review and meta-analysis},
	author = {{Ssentongo}, {Paddy} and {Ssentongo}, {Anna E.} and {Heilbrunn}, {Emily S.} and {Ba}, {Djibril M.} and {Chinchilli}, {Vernon M.}},
	year = {2020},
	month = {05},
	date = {2020-05-23},
	journal = {medRxiv},
	pages = {2020.05.10.20097253},
	doi = {10.1101/2020.05.10.20097253},
	url = {https://www.medrxiv.org/content/10.1101/2020.05.10.20097253v3},
	note = {Publisher: Cold Spring Harbor Laboratory Press},
	langid = {en}
}

@article{yang2020,
	title = {Comparison of Clinical Characteristics of Patients with Asymptomatic vs Symptomatic Coronavirus Disease 2019 in Wuhan, China},
	author = {{Yang}, {Rongrong} and {Gui}, {Xien} and {Xiong}, {Yong}},
	year = {2020},
	month = {05},
	date = {2020-05-01},
	journal = {JAMA Network Open},
	pages = {e2010182--e2010182},
	volume = {3},
	number = {5},
	doi = {10.1001/jamanetworkopen.2020.10182},
	url = {https://jamanetwork.com/journals/jamanetworkopen/fullarticle/2766237},
	note = {Publisher: American Medical Association},
	langid = {en}
}

@article{garrison2019,
	title = {Decomposing the causes of the socioeconomic status-health gradient with biometrical modeling},
	author = {{Garrison}, {S. Mason} and {Rodgers}, {Joseph Lee}},
	year = {2019},
	month = {06},
	date = {2019-06},
	journal = {Journal of Personality and Social Psychology},
	pages = {1030--1047},
	volume = {116},
	number = {6},
	doi = {10.1037/pspp0000226},
	note = {PMID: 30407028},
	langid = {eng}
}

@article{williams2020,
	title = {Self-reported symptoms of covid-19 including symptoms most predictive of SARS-CoV-2 infection, are heritable},
	author = {{Williams}, {Frances MK} and {Freydin}, {Maxim} and {Mangino}, {Massimo} and {Couvreur}, {Simon} and {Visconti}, {Alessia} and {Bowyer}, {Ruth CE} and {Roy}, {Caroline I. Le} and {Falchi}, {Mario} and {Sudre}, {Carole} and {Davies}, {Richard} and {Hammond}, {Christopher} and {Menni}, {Cristina} and {Steves}, {Claire} and {Spector}, {Tim}},
	year = {2020},
	month = {04},
	date = {2020-04-27},
	journal = {medRxiv},
	pages = {2020.04.22.20072124},
	doi = {10.1101/2020.04.22.20072124},
	url = {https://www.medrxiv.org/content/10.1101/2020.04.22.20072124v2},
	note = {Publisher: Cold Spring Harbor Laboratory Press},
	langid = {en}
}

@article{myrianthopoulos1968,
	title = {An application of the U.S. Bureau of the Census socioeconomic index to a large, diversified patient population},
	author = {{Myrianthopoulos}, {N. C.} and {French}, {K. S.}},
	year = {1968},
	month = {09},
	date = {1968-09},
	journal = {Social Science and Medicine},
	pages = {283--299},
	volume = {2},
	number = {3},
	doi = {10.1016/0037-7856(68)90004-8},
	note = {PMID: 5760819},
	langid = {eng}
}

@Manual{robinson2021,
    title = {broom: Convert Statistical Objects into Tidy Tibbles},
    author = {David Robinson and Alex Hayes and Simon Couch},
    year = {2021},
    note = {R package version 0.7.5},
    url = {https://CRAN.R-project.org/package=broom},
  }
